<?xml version="1.0" encoding="UTF-8"?><record xmlns="http://www.loc.gov/MARC21/slim" xmlns:cinclude="http://apache.org/cocoon/include/1.0" xmlns:zs="http://www.loc.gov/zing/srw/">
  <leader>00330nz  a2200121n  4500</leader>
  <controlfield tag="001">n  98046987 </controlfield>
  <controlfield tag="003">DLC</controlfield>
  <controlfield tag="005">19980520142026.6</controlfield>
  <controlfield tag="008">980520n| acannaab|          |n aaa |||  </controlfield>
  <datafield tag="010" ind1=" " ind2=" ">
    <subfield code="a">n  98046987 </subfield>
  </datafield>
  <datafield tag="040" ind1=" " ind2=" ">
    <subfield code="a">DLC</subfield>
    <subfield code="c">DLC</subfield>
  </datafield>
  <datafield tag="100" ind1="1" ind2="0">
    <subfield code="a">Terentʹev, Mikhail</subfield>
  </datafield>
  <datafield tag="670" ind1=" " ind2=" ">
    <subfield code="a">Fotografii︠a︡ na pami︠a︡tʹ, c1996:</subfield>
    <subfield code="b">colophon (Mikhail Terentʹev)</subfield>
  </datafield>
</record>